@misc{postgresabout,
  author = "{PostgreSQL}",
  title = {What is PostgreSQL?},
  year = "2021",
  howpublished = "\url{https://www.postgresql.org/about/}",
  note = "[Online; accessed 30-May-2021]"
}